@inproceedings{grizou2013robot,
    title = {{Robot Learning Simultaneously a Task and How to Interpret Human Instructions}},
    author = {Grizou, Jonathan and Lopes, Manuel and Oudeyer, Pierre-Yves},
    booktitle = {{Joint IEEE International Conference on Development and Learning and on Epigenetic Robotics (ICDL-EpiRob)}},
    address = {Osaka, Japan},
    year = {2013},
}

