@article{argall2009survey,
  title={A survey of robot learning from demonstration},
  author={Argall, Brenna D and Chernova, Sonia and Veloso, Manuela and Browning, Brett},
  journal={Robotics and Autonomous Systems},
  volume={57},
  number={5},
  pages={469--483},
  year={2009},
  publisher={Elsevier}
}


@article{fong2003survey,
  title={A survey of socially interactive robots},
  author={Fong, Terrence and Nourbakhsh, Illah and Dautenhahn, Kerstin},
  journal={Robotics and autonomous systems},
  volume={42},
  number={3},
  pages={143--166},
  year={2003},
  publisher={Elsevier}
}

@article{dautenhahn2007socially,
  title={Socially intelligent robots: dimensions of human--robot interaction},
  author={Dautenhahn, Kerstin},
  journal={Philosophical Transactions of the Royal Society B: Biological Sciences},
  volume={362},
  number={1480},
  pages={679--704},
  year={2007},
  publisher={The Royal Society}
}



@article{galantucci2009experimental,
  title={Experimental semiotics: a new approach for studying communication as a form of joint action},
  author={Galantucci, Bruno},
  journal={Topics in Cognitive Science},
  volume={1},
  number={2},
  pages={393--410},
  year={2009},
  publisher={Wiley Online Library}
}

@inproceedings{griffiths2012bottom,
  title={Bottom-up learning of feedback in a categorization task},
  author={Griffiths, Sascha and Nolfi, Stefano and Morlino, Giuseppe and Schillingmann, Lars and Kuehnel, Sina and Rohlfing, Katharina and Wrede, Britta},
  booktitle={Development and Learning and Epigenetic Robotics (ICDL), 2012 IEEE International Conference on},
  pages={1--6},
  year={2012},
  organization={IEEE}
}

@article{zeng2009survey,
  title={A survey of affect recognition methods: Audio, visual, and spontaneous expressions},
  author={Zeng, Zhihong and Pantic, Maja and Roisman, Glenn I and Huang, Thomas S},
  journal={Pattern Analysis and Machine Intelligence, IEEE Transactions on},
  volume={31},
  number={1},
  pages={39--58},
  year={2009},
  publisher={IEEE}
}

@inproceedings{lopes2011simultaneous,
  title={Simultaneous acquisition of task and feedback models},
  author={Lopes, Manuel and Cederbourg, Thomas and Oudeyer, P-Y},
  booktitle={Development and Learning (ICDL), 2011 IEEE International Conference on},
  volume={2},
  pages={1--7},
  year={2011},
  organization={IEEE}
}


@inproceedings{grizou2013robot,
    title = {{Robot Learning Simultaneously a Task and How to Interpret Human Instructions}},
    author = {Grizou, Jonathan and Lopes, Manuel and Oudeyer, Pierre-Yves},
    booktitle = {{Joint IEEE International Conference on Development and Learning and on Epigenetic Robotics (ICDL-EpiRob)}},
    address = {Osaka, Japan},
    year = {2013},
}

@inproceedings{grizou2013zero,
    title = {Zero-calibration BMIs for sequential tasks using error-related potentials},
    author = {Grizou, Jonathan and Iturrate, I{\\~n}aki and Montesano, Luis and Lopes, Manuel and Oudeyer, Pierre-Yves},
    booktitle = {IROS 2013 Workshop on Neuroscience and Robotics},
    address = {Tokyo, Japon},
    year = {2013},
    pdf = {http://hal.inria.fr/hal-00872484/PDF/Grizou\_et\_al\_NeuroRoboticsWorkshop\_final.pdf},
}


@article{kaplan2002robotic,
  title={Robotic clicker training},
  author={Kaplan, Fr{\'e}d{\'e}ric and Oudeyer, Pierre-Yves and Kubinyi, Enik{\"o} and Mikl{\'o}si, Ad{\'a}m},
  journal={Robotics and Autonomous Systems},
  volume={38},
  number={3},
  pages={197--206},
  year={2002},
  publisher={Elsevier}
}




