@article{clark2012validity,
  title={Validity of the Microsoft Kinect for assessment of postural control},
  author={Clark, R.A. and Pua, Y.H. and Fortin, K. and Ritchie, C. and Webster, K.E. and Denehy, L. and Bryant, A.L.},
  journal={Gait \& Posture},
  year={2012},
  publisher={Elsevier}
}

@article{boulos2011web,
  title={Web GIS in practice X: a Microsoft Kinect natural user interface for Google Earth navigation},
  author={Boulos, M.N.K. and Blanchard, B.J. and Walker, C. and Montero, J. and Tripathy, A. and Gutierrez-Osuna, R.},
  journal={International Journal of Health Geographics},
  volume={10},
  number={1},
  pages={45},
  year={2011},
  publisher={BioMed Central Ltd}
}

@article{lai2012gesture,
  title={A gesture-driven computer interface using Kinect},
  author={Lai, K. and Konrad, J. and Ishwar, P.},
  journal={Image Analysis and Interpretation (SSIAI)},
  pages={185--188},
  year={2012}
}

@article{leyvand2011kinect,
  title={Kinect identity: Technology and experience},
  author={Leyvand, T. and Meekhof, C. and Wei, Y.C. and Sun, J. and Guo, B.},
  journal={Computer},
  volume={44},
  number={4},
  pages={94--96},
  year={2011},
  publisher={IEEE}
}

@inproceedings{beck2010towards,
  title={Towards an affect space for robots to display emotional body language},
  author={Beck, A. and Ca{\~n}amero, L. and Bard, K.A.},
  booktitle={RO-MAN, 2010 IEEE},
  pages={464--469},
  year={2010},
  organization={IEEE}
}

@inproceedings{Mangin2012,
author = {Mangin, Olivier and Oudeyer, Pierre-yves},
booktitle = {to appear in IEEE/RSJ International Conference on Intelligent Robots and Systems},
title = {Learning to recognize parallel combinations of human motion primitives with linguistic descriptions using non-negative matrix factorization},
year = {2012},
city = {Vilamoura, Algarve (Portugal)},
}