@inproceedings{grizou2013robot,
    title = {{Robot learning simultaneously a task and how to interpret human instructions}},
    author = {Grizou, Jonathan and Lopes, Manuel and Oudeyer, Pierre-Yves},
    booktitle = {{Joint IEEE International Conference on Development and Learning and on Epigenetic Robotics (ICDL-EpiRob)}},
    address = {Osaka, Japan},
    year = {2013},
}

@inproceedings{iturrate2010single,
  title={{Single trial recognition of error-related potentials during observation of robot operation}},
  author={Iturrate, Inaki and Montesano, Luis and Minguez, Javier},
  booktitle={Engineering in Medicine and Biology Society (EMBC), 2010 Annual International Conference of the IEEE},
  pages={4181--4184},
  year={2010},
  organization={IEEE}
}

@article{chavarriaga2010learning,
  title={{Learning from EEG error-related potentials in noninvasive brain-computer interfaces}},
  author={Chavarriaga, Ricardo and J.d.R. Mill\'an},
  journal={Neural Systems and Rehabilitation Engineering, IEEE Transactions on},
  volume={18},
  number={4},
  pages={381--388},
  year={2010},
  publisher={IEEE}
}

@article{ledoit2004well,
  title={{A well-conditioned estimator for large-dimensional covariance matrices}},
  author={Ledoit, Olivier and Wolf, Michael},
  journal={Journal of multivariate analysis},
  volume={88},
  number={2},
  pages={365--411},
  year={2004},
  publisher={Elsevier}
}

@article{millan2010combining,
  title={{Combining brain-computer interfaces and assistive technologies: state-of-the-art and challenges}},
  author={Mill{\'a}n, J.d.R. and Rupp, R{\"u}diger and M{\"u}ller-Putz, Gernot R and Murray-Smith, Roderick and Giugliemma, Claudio and Tangermann, Michael and Vidaurre, Carmen and Cincotti, Febo and K{\"u}bler, Andrea and Leeb, Robert and others},
  journal={Frontiers in neuroscience},
  volume={4},
  year={2010},
  publisher={Frontiers Research Foundation}
}

@article{vidaurre2011toward,
  title={{Toward unsupervised adaptation of LDA for brain-computer interfaces}},
  author={Vidaurre, Carmen and Kawanabe, Motoaki and von Bunau, P and Blankertz, Benjamin and M{\"u}ller, Klaus-Robert},
  journal={Biomedical Engineering, IEEE Transactions on},
  volume={58},
  number={3},
  pages={587--597},
  year={2011},
  publisher={IEEE}
}

@article{vidaurre2010towards,
  title={{Towards a cure for BCI illiteracy}},
  author={Vidaurre, Carmen and Blankertz, Benjamin},
  journal={Brain topography},
  volume={23},
  number={2},
  pages={194--198},
  year={2010},
  publisher={Springer}
}

@article{kindermans2012bayesian,
  title={{A bayesian model for exploiting application constraints to enable unsupervised training of a P300-based BCI}},
  author={Kindermans, Pieter-Jan and Verstraeten, David and Schrauwen, Benjamin},
  journal={PloS one},
  volume={7},
  number={4},
  pages={e33758},
  year={2012},
  publisher={Public Library of Science}
}

@inproceedings{kindermans2012p300,
  title={{A P300 BCI for the Masses: Prior Information Enables Instant Unsupervised Spelling.}},
  author={Kindermans, Pieter-Jan and Verschore, Hannes and Verstraeten, David and Schrauwen, Benjamin},
  booktitle={NIPS},
  pages={719--727},
  year={2012}
}

@article{tangermann2013zero,
  title={{Zero training for BCI-reality for BCI systems based on event-related potentials}},
  author={Tangermann, Michael and Kindermans, Pieter-Jan and Schreuder, Martijn and Schrauwen, Benjamin and M{\"u}ller, Klaus-Robert},
  journal={Biomed Tech},
  volume={58},
  pages={1},
  year={2013}
}

@article{FerrezErrores,
    title = {{Error-related EEG potentials generated during simulated Brain-Computer interaction}},
    author = {Ferrez, P.W. and Mill{\'a}n, J.d.R.},
    journal = {IEEE Trans Biomed Eng},
    month = {March},
    number = {3},
    pages = {923-929},
    volume = {55},
    year = {2008}
}

@article{friedman1989regularized,
  title={{Regularized discriminant analysis}},
  author={Friedman, Jerome H},
  journal={Journal of the American statistical association},
  volume={84},
  number={405},
  pages={165--175},
  year={1989},
  publisher={Taylor \& Francis}
}   

@article{blankertz2010single,
  title={{Single-trial analysis and classification of ERP components: A tutorial}},
  author={Blankertz, B and Lemm, S and Treder, M and Haufe S. and M{\"u}ller, Klaus-Robert},
  journal={Neuroimage},
  issn={1053-8119},
  year={2010},
  publisher={Elsevier}
}

@article{IturrateErrP13,
  title={{Task-dependent signal variations in EEG error-related potentials for brain-computer interfaces}},
  author={I. Iturrate and L. Montesano and J. Minguez},
  journal={Journal of Neural Engineering},
  volume={10},
  number={2},
  year={2013}
}

@article{bengio2004no,
  title={{No unbiased estimator of the variance of k-fold cross-validation}},
  author={Bengio, Yoshua and Grandvalet, Yves},
  journal={The Journal of Machine Learning Research},
  volume={5},
  pages={1089--1105},
  year={2004}
}

@article{Polich1997,
author = {Polich, J},
journal = {International Journal of Psychophysiology},
number = {1-3},
title = {{On the relationship between EEG and P300: individual differences, aging, and ultradian rhythms}},
volume = {26},
year = {1997}
}

@article{Orsborn2012,
author = {Orsborn, A.L. and Dangi, S and Moorman, H. G. and Carmena, J. M.},
issn = {1558-0210},
journal = {IEEE Trans. on neural systems and rehabilitation engineering},
number = {4},
title = {{Closed-Loop Decoder Adaptation on Intermediate Time-Scales Facilitates Rapid BMI Performance Improvements Independent of Decoder Initialization Conditions}},
volume = {20},
year = {2012}
}

@book{sutton1998reinforcement,
  title={{Reinforcement learning: An introduction}},
  author={Sutton, R.S. and Barto, A.G.},
  year={1998},
  publisher={MIT press}
}

@article{brafman2003r,
  title={{R-max a general polynomial time algorithm for near-optimal reinforcement learning}},
  author={Brafman, R.I. and Tennenholtz, M.},
  journal={Journal of Machine Learning Research},
  volume={3},
  year={2003}
}

@article{lee2000bayes,
  title={{Bayes error evaluation of the Gaussian ML classifier}},
  author={Lee, Chulhee and Choi, Euisun},
  journal={Geoscience and Remote Sensing, IEEE Transactions on},
  volume={38},
  number={3},
  pages={1471--1475},
  year={2000},
  publisher={IEEE}
}

@inproceedings{kolter2009near,
  title={{Near-Bayesian exploration in polynomial time}},
  author={Kolter, J Zico and Ng, Andrew Y},
  booktitle={International Conference on Machine Learning},
  year={2009},
  organization={ACM}
}

@article{Kailath67,
  title={{The divergence and Bhattacharyya distance measures in signal selection}},
  author={T. Kailath},
  journal={IEEE Trans. Commun. Technol.},
  volume={15},
  number={3},
  pages={52-60},
  year={1967}
}


@ARTICLE{Falkenstein00,
  author = {M. Falkenstein AND J. Hoormann AND S. Christ AND J. Hohnsbein},
  title = {{ERP components on reaction errors and their functional significance: A tutorial}},
  journal = {Biological Psychology},
  year = {2000},
  volume = {51},
  pages = {87-107}
}

@inproceedings{iturrate13,
  title={{Shared-control brain-computer interface for a two dimensional reaching task using EEG error-related potentials}},
  author={Iturrate, I. and Montesano, L. and Minguez, J.},
  booktitle={Int. Conf. of the IEEE Engineering in Medicine and Biology Society (EMBC)},
  year={2013},
  organization={IEEE}
}

