@article{Kindermans2012a,
author = {Kindermans, Pieter-Jan and Verstraeten, David and Schrauwen, Benjamin},
doi = {10.1371/journal.pone.0033758},
journal = {PloS one},
month = jan,
number = {4},
pages = {e33758},
title = {{A bayesian model for exploiting application constraints to enable unsupervised training of a P300-based BCI.}},
volume = {7},
year = {2012}
}

@article{rouanet2013impact,
  title={The Impact of Human--Robot Interfaces on the Learning of Visual Objects},
  author={Rouanet, Pierre and Oudeyer, P-Y and Danieau, Fabien and Filliat, David},
  year={2013},
  publisher={IEEE}
}

@inproceedings{heckmann2009teaching,
  title={Teaching a humanoid robot: Headset-free speech interaction for audio-visual association learning},
  author={Heckmann, M. and others},
  booktitle={Robot and Human Interactive Communication, RO-MAN.},
  pages={422--427},
  year={2009},
  organization={IEEE}
}

@article{cakmak2012designing,
  title={Designing Robot Learners that Ask Good Questions},
  author={Cakmak, M. and Thomaz, A.L.},
  journal={7th ACM/IEE Int. Conf. on Human-Robot Interaction},
  year={2012}
}


@article{zheng2001comparison,
  title={Comparison of different implementations of MFCC},
  author={Zheng, F. and Zhang, G. and Song, Z.},
  journal={Journal of Computer Science and Technology},
  year={2001},
  publisher={Springer}
}

@article{sakoe1978dynamic,
  title={Dynamic programming algorithm optimization for spoken word recognition},
  author={Sakoe, H. and Chiba, S.},
  journal={Acoustics, Speech and Signal Processing, IEEE Transactions on},
  volume={26},
  number={1},
  pages={43--49},
  year={1978},
  publisher={IEEE}
}

@book{sutton1998reinforcement,
  title={Reinforcement learning: An introduction},
  author={Sutton, R.S. and Barto, A.G.},
  volume={28},
  year={1998},
  publisher={Cambridge Univ Press}
}

@article{platt1999probabilistic,
  title={Probabilistic outputs for support vector machines and comparisons to regularized likelihood methods},
  author={Platt, J. and others},
  journal={Advances in large margin classifiers},
  volume={10},
  number={3},
  pages={61--74},
  year={1999},
  publisher={Cambridge, MA}
}

@article{sutton1999between,
  title={Between MDPs and semi-MDPs: A framework for temporal abstraction in reinforcement learning},
  author={Sutton, R.S. and Precup, D. and Singh, S.},
  journal={Artificial intelligence},
  volume={112},
  number={1},
  pages={181--211},
  year={1999},
  publisher={Elsevier Science Publishing Co, Inc, P. O. Box 882, Madison Square Station, New York, NY, 10159-0882, USA,}
}

@inproceedings{nguyen2011bootstrapping,
  title={Bootstrapping intrinsically motivated learning with human demonstration},
  author={Nguyen, S.M. and Baranes, A. and Oudeyer, P.Y.},
  booktitle={IEEE International Conference on Development and Learning (ICDL)},
  year={2011},
  organization={IEEE}
}

@inproceedings{rouanet2011robotic,
  title={A robotic game to evaluate interfaces used to show and teach visual objects to a robot in real world condition},
  author={Rouanet, P. and Danieau, F. and Oudeyer, P.Y.},
  booktitle={Proceedings of the 6th international conference on Human-robot interaction},
  pages={313--320},
  year={2011},
  organization={ACM}
}
