@article{FerrezErrores,
	author = {Ferrez, PW and Mill\'{a}n, JdR},
	journal = {IEEE Trans Biomed Eng},
	title = {{Error-related EEG potentials generated during simulated Brain-Computer interaction}},
	year = {2008}
}

@article{millan10,
  title={Combining brain--computer interfaces and assistive technologies: state-of-the-art and challenges},
  author={Mill{\'a}n, JdR and others},
  journal={Front Neurosci},
  year={2010},
  publisher={Frontiers Research Foundation}
}

@article{Orsborn2012,
  title={{Closed--loop decoder adaptation on intermediate time-scales facilitates rapid BMI performance improvements independent of decoder initialization conditions}},
  author={Orsborn, Amy L and al.},
  journal={IEEE Transactions on Neural Systems and Rehabilitation Engineering},
  year={2012}
}

@article{Kindermans2012a,
author = {Kindermans, Pieter-Jan and Verstraeten, David and Schrauwen, Benjamin},
journal = {PloS one},
title = {{A bayesian model for exploiting application constraints to enable unsupervised training of a P300-based BCI.}},
year = {2012}
}

@article{grizou2013,
  title={Robot Learning Simultaneously a Task and How to Interpret Human Instructions},
  author={Grizou, Jonathan and Lopes, Manuel and Oudeyer, Pierre-Yves},
  journal={Proceedings of ICDL-Epirob},
  year={2013}
}

@ARTICLE{vidaurre11,
	author={Vidaurre, C and Kawanabe, M and von B\"{u}nau, P and Blankertz, B and M\"{u}ller, KR},
	journal={IEEE Trans Biomed Eng},
	title={{Toward unsupervised adaptation of LDA for brain-computer interfaces}}, 
	year={2011}, 

}

@article{Polich1997,
author = {Polich, J},
journal = {International Journal of Psychophysiology},
title = {{On the relationship between EEG and P300 : individual differences, aging, and ultradian rhythms}},
year = {1997}
}

@inproceedings{iturrate2010robot,
  title={Robot Reinforcement Learning using EEG-based reward signals},
  author={Iturrate, I{\~n}aki and Montesano, Luis and Minguez, Javier},
  booktitle={Robotics and Automation (ICRA), 2010 IEEE International Conference on},
  pages={4822--4829},
  year={2010},
  organization={IEEE}
}


@INPROCEEDINGS{macl11simul,
  author = {Lopes, M. and Cederborg, T. and Oudeyer, P.-Y.},
  title = {Simultaneous acquisition of task and feedback models},
  booktitle = {IEEE - International Conference on Development and Learning (ICDL'11)},
  year = {2011},
}


@article{chavarriaga2010learning,
  title={{Learning from EEG error-related potentials in noninvasive brain-computer interfaces}},
  author={Chavarriaga R AND Mill\'{a}n JdR},
  journal={IEEE Trans Neural Syst Rehabil Eng},
  year={2010},
  publisher={IEEE}
} 

@ARTICLE{Argall09lfdsurvey,
  author = {Brenna Argall and Sonia Chernova and Manuela Veloso},
  title = {A Survey of Robot Learning from Demonstration},
  journal = {Robotics and Autonomous Systems},
  year = {2009}
}

@ONLINE{baxter,
author = {E. Guizzo and E. Ackerman},
title = {How Rethink Robotics Built Its New Baxter Robot Worker},
month = October,
year = {2012},
url = {http://spectrum.ieee.org/robotics/industrial-robots/rethink-robotics-baxter-robot-factory-worker}
}

@article{gates2007robot,
  title={A robot in every home},
  author={Gates, Bill},
  journal={Scientific American},
  year={2007}
}
