
@article{oudeyer2007intrinsic,
  title={Intrinsic motivation systems for autonomous mental development},
  author={Oudeyer, P-Y and Kaplan, Fr{\'e}d{\'e}ric and Hafner, Verena Vanessa},
  journal={Evolutionary Computation, IEEE Transactions on},
  volume={11},
  number={2},
  pages={265--286},
  year={2007},
  publisher={IEEE}
}

@article{oudeyerSmith14,
  author = {Oudeyer, Pierre-Yves and Smith, Linda},
  title = {How evolution may work through curiosity-driven developmental process},
  journal = {Topics in Cognitive Science},
  year = {2014}
}

@article{gottlieb2013information,
  title={Information-seeking, curiosity, and attention: computational and neural mechanisms},
  author={Gottlieb, Jacqueline and Oudeyer, Pierre-Yves and Lopes, Manuel and Baranes, Adrien},
  journal={Trends in cognitive sciences},
  volume={17},
  number={11},
  pages={585--593},
  year={2013},
  publisher={Elsevier}
}