@inproceedings{iturrate2010single,
  title={{Single trial recognition of error-related potentials during observation of robot operation}},
  author={Iturrate, Inaki and Montesano, Luis and Minguez, Javier},
  booktitle={EMBC},
  year={2010}
}

@article{chavarriaga2010learning,
  title={{Learning from EEG error-related potentials in noninvasive brain-computer interfaces}},
  author={Chavarriaga, Ricardo and J.d.R. Mill\'an},
  journal={IEEE Trans. on Neural Systems and Rehab. Eng.},
  year={2010}
}

@article{millan2010combining,
  title={{Combining brain-computer interfaces and assistive technologies: state-of-the-art and challenges}},
  author={Mill{\'a}n, J.d.R. and Rupp, R{\"u}diger and M{\"u}ller-Putz, Gernot R and Murray-Smith, Roderick and Giugliemma, Claudio and Tangermann, Michael and Vidaurre, Carmen and Cincotti, Febo and K{\"u}bler, Andrea and Leeb, Robert and others},
  journal={Frontiers in neuroscience},
  volume={4},
  year={2010},
  publisher={Frontiers Research Foundation}
}

@inproceedings{grizou2014calibration,
    title = {{Calibration-Free BCI Based Control}},
    author = {Grizou, Jonathan and Iturrate, I{\~n}aki and Montesano, Luis and Oudeyer, Pierre-Yves and Lopes, Manuel},
    booktitle = {{AAAI}},
    year = {2014}
}

@inproceedings{kindermans2012p300,
  title={{A P300 BCI for the Masses: Prior Information Enables Instant Unsupervised Spelling.}},
  author={Kindermans, Pieter-Jan and Verschore, Hannes and Verstraeten, David and Schrauwen, Benjamin},
  booktitle={NIPS},
  year={2012}
}


@article{kindermans2012bayesian,
  title={{A bayesian model for exploiting application constraints to enable unsupervised training of a P300-based BCI}},
  author={Kindermans, Pieter-Jan and Verstraeten, David and Schrauwen, Benjamin},
  journal={PloS one},
  year={2012}
}
