@inproceedings{grizou2014calibration,
    title = {{Calibration-Free BCI Based Control}},
    author = {Grizou, Jonathan and Iturrate, I{\~n}aki and Montesano, Luis and Oudeyer, Pierre-Yves and Lopes, Manuel},
    booktitle = {{AAAI Conference on Artificial Intelligence}},
    address = {Quebec, Canada},
    year = {2014},
}

@article{thrun1992efficient,
  title={Efficient exploration in reinforcement learning},
  author={Thrun, Sebastian B},
  year={1992},
  publisher={Citeseer}
}

@article{kaplan2002robotic,
  title={Robotic clicker training},
  author={Kaplan, Fr{\'e}d{\'e}ric and Oudeyer, Pierre-Yves and Kubinyi, Enik{\"o} and Mikl{\'o}si, Ad{\'a}m},
  journal={Robotics and Autonomous Systems},
  year={2002},
  publisher={Elsevier}
}


@article{chernova2009interactive,
  title={Interactive policy learning through confidence-based autonomy},
  author={Chernova, Sonia and Veloso, Manuela},
  journal={Journal of Artificial Intelligence Research},
  volume={34},
  number={1},
  pages={1},
  year={2009}
}

@inproceedings{knox2009interactively,
  title={Interactively shaping agents via human reinforcement: The TAMER framework},
  author={Knox, W Bradley and Stone, Peter},
  booktitle={International conference on Knowledge capture},
  pages={9--16},
  year={2009},
  organization={ACM}
}


@inproceedings{judah2010reinforcement,
  title={Reinforcement Learning Via Practice and Critique Advice.},
  author={Judah, Kshitij and Roy, Saikat and Fern, Alan and Dietterich, Thomas G},
  booktitle={AAAI},
  year={2010}
}

@inproceedings{mason2011robot,
  title={Robot self-initiative and personalization by learning through repeated interactions},
  author={Mason, Martin and Lopes, Manuel},
  booktitle={Human-Robot Interaction (HRI), 2011 6th ACM/IEEE International Conference on},
  pages={433--440},
  year={2011},
  organization={IEEE}
}

@article{thomaz2008teachable,
  title={Teachable robots: Understanding human teaching behavior to build more effective robot learners},
  author={Thomaz, Andrea L and Breazeal, Cynthia},
  journal={Artificial Intelligence},
  volume={172},
  number={6},
  pages={716--737},
  year={2008},
  publisher={Elsevier}
}

@inproceedings{nicolescu2003natural,
  title={Natural methods for robot task learning: Instructive demonstrations, generalization and practice},
  author={Nicolescu, Monica N and Mataric, Maja J},
  booktitle={Conference on Autonomous agents and multiagent systems},
  pages={241--248},
  year={2003},
  organization={ACM}
}

@article{breazeal2004tutelage,
  title={Tutelage and collaboration for humanoid robots},
  author={Breazeal, Cynthia and Brooks, Andrew and Gray, Jesse and Hoffman, Guy and Kidd, Cory and Lee, Hans and Lieberman, Jeff and Lockerd, Andrea and Chilongo, David},
  journal={International Journal of Humanoid Robotics},
  volume={1},
  number={02},
  pages={315--348},
  year={2004},
  publisher={World Scientific}
}



@article{argall2009survey,
  title={A survey of robot learning from demonstration},
  author={Argall, Brenna D and Chernova, Sonia and Veloso, Manuela and Browning, Brett},
  journal={Robotics and autonomous systems},
  volume={57},
  number={5},
  pages={469--483},
  year={2009},
  publisher={Elsevier}
}


@article{mcgill1978variations,
  title={Variations of box plots},
  author={McGill, Robert and Tukey, John W and Larsen, Wayne A},
  journal={The American Statistician},
  volume={32},
  number={1},
  pages={12--16},
  year={1978},
  publisher={Taylor \& Francis Group}
}

@article{blankertz2010single,
  title={{Single-trial analysis and classification of ERP components: A tutorial}},
  author={Blankertz, B and Lemm, S and Treder, M and Haufe, S and M\"{u}ller KR},
  journal={Neuroimage},
  issn={1053-8119},
  year={2010},
  publisher={Elsevier}
}

@inproceedings{griffiths2012bottom,
  title={Bottom-up learning of feedback in a categorization task},
  author={Griffiths, Sascha and Nolfi, Stefano and Morlino, Giuseppe and Schillingmann, Lars and Kuehnel, Sina and Rohlfing, Katharina and Wrede, Britta},
  booktitle={Development and Learning and Epigenetic Robotics (ICDL), 2012},
  pages={1--6},
  year={2012},
  organization={IEEE}
}


@book{gelman2003bayesian,
  title={Bayesian data analysis},
  author={Gelman, Andrew and Carlin, John B and Stern, Hal S and Rubin, Donald B},
  year={2003},
  publisher={CRC press}
}

@book{sutton1998reinforcement,
  title={Reinforcement learning: An introduction},
  author={Sutton, R.S. and Barto, A.G.},
  volume={28},
  year={1998},
  publisher={Cambridge Univ Press}
}

@article{FerrezErrores,
  author = {Ferrez, PW and Mill\'{a}n, JdR},
  journal = {IEEE Trans Biomed Eng},
  month = {March},
  number = {3},
  pages = {923-929},
  title = {{Error-related EEG potentials generated during simulated Brain-Computer interaction}},
  volume = {55},
  year = {2008}
}

@article{chavarriaga2010learning,
  title={{Learning from EEG error-related potentials in noninvasive brain-computer interfaces}},
  author={Chavarriaga, R and Mill\'{a}n, JdR},
  journal={IEEE Trans Neural Syst Rehabil Eng},
  volume={18},
  number={4},
  issn={1534-4320},
  year={2010},
  publisher={IEEE}
} 

@article{brafman2003r,
  title={R-max-a general polynomial time algorithm for near-optimal reinforcement learning},
  author={Brafman, R.I. and Tennenholtz, M.},
  journal={Journal of Machine Learning Research},
  volume={3},
  year={2003},
  publisher={JMLR. org}
}

@inproceedings{kolter2009near,
  title={Near-Bayesian exploration in polynomial time},
  author={Kolter, J Zico and Ng, Andrew Y},
  booktitle={International Conference on Machine Learning},
  year={2009},
  organization={ACM}
}

@book{goffman1974frame,
  title={Frame analysis: An essay on the organization of experience.},
  author={Goffman, Erving},
  year={1974},
  publisher={Harvard University Press}
}

@article{minsky1974framework,
  title={A framework for representing knowledge},
  author={Minsky, Marvin},
  year={1974}
}

@article{fielding1997review,
  title={A review of methods for the assessment of prediction errors in conservation presence/absence models},
  author={Fielding, Alan H and Bell, John F},
  journal={Environmental conservation},
  volume={24},
  number={1},
  pages={38--49},
  year={1997},
  publisher={Cambridge Univ Press}
}


@article{batista2004study,
  title={A study of the behavior of several methods for balancing machine learning training data},
  author={Batista, Gustavo EAPA and Prati, Ronaldo C and Monard, Maria Carolina},
  journal={ACM SIGKDD Explorations Newsletter},
  volume={6},
  number={1},
  pages={20--29},
  year={2004},
  publisher={ACM}
}

@article{wang2013probabilistic,
  title={Probabilistic Confusion Entropy for Evaluating Classifiers},
  author={Wang, Xiao-Ning and Wei, Jin-Mao and Jin, Han and Yu, Gang and Zhang, Hai-Wei},
  journal={Entropy},
  volume={15},
  number={11},
  pages={4969--4992},
  year={2013},
  publisher={Multidisciplinary Digital Publishing Institute}
}


@INPROCEEDINGS{macl11simul,
  author = {Lopes, M. and Cederborg, T. and Oudeyer, P.-Y.},
  title = {Simultaneous acquisition of task and feedback models},
  booktitle = {IEEE - International Conference on Development and Learning (ICDL'11)},
  year = {2011}
}

@article{orsborn2012closed,
  title={Closed-loop decoder adaptation on intermediate time-scales facilitates rapid BMI performance improvements independent of decoder initialization conditions},
  author={Orsborn, Amy L and Dangi, Siddharth and Moorman, Helene G and Carmena, Jose M},
  journal={Neural Systems and Rehabilitation Engineering, IEEE Transactions on},
  volume={20},
  number={4},
  pages={468--477},
  year={2012},
  publisher={IEEE}
}


@article{Kindermans2012a,
author = {Kindermans, Pieter-Jan and Verstraeten, David and Schrauwen, Benjamin},
doi = {10.1371/journal.pone.0033758},
journal = {PloS one},
month = jan,
number = {4},
pages = {e33758},
title = {{A bayesian model for exploiting application constraints to enable unsupervised training of a P300-based BCI.}},
volume = {7},
year = {2012}
}

@inproceedings{Kindermans2012b,
author = {Kindermans, PJ and Verschore, Hannes},
booktitle = {NIPS},
pages = {1--9},
title = {{A P300 BCI for the Masses: Prior Information Enables Instant Unsupervised Spelling}},
url = {http://books.nips.cc/papers/files/nips25/NIPS2012\_0332.pdf},
year = {2012}
}

@article{kindermans2014integrating,
  title={Integrating dynamic stopping, transfer learning and language models in an adaptive zero-training ERP speller},
  author={Kindermans, Pieter-Jan and Tangermann, Michael and M{\"u}ller, Klaus-Robert and Schrauwen, Benjamin},
  journal={Journal of neural engineering},
  volume={11},
  number={3},
  pages={035005},
  year={2014},
  publisher={IOP Publishing}
}


@article{iturrate2013task,
  title={Task-dependent signal variations in EEG error-related potentials for brain--computer interfaces},
  author={Iturrate, I and Montesano, L and Minguez, J},
  journal={Journal of neural engineering},
  volume={10},
  number={2},
  pages={026024},
  year={2013},
  publisher={IOP Publishing}
}

@inproceedings{lopes2009active,
  title={Active learning for reward estimation in inverse reinforcement learning},
  author={Lopes, Manuel and Melo, Francisco and Montesano, Luis},
  booktitle={Machine Learning and Knowledge Discovery in Databases},
  pages={31--46},
  year={2009},
  publisher={Springer}
}

@inproceedings{grizou2013robot,
    title = {{Robot Learning Simultaneously a Task and How to Interpret Human Instructions}},
    author = {Grizou, Jonathan and Lopes, Manuel and Oudeyer, Pierre-Yves},
    booktitle = {{Conference on Development and Learning and on Epigenetic Robotics (ICDL-EpiRob)}},
    address = {Osaka, Japan},
    year = {2013},
}


@inproceedings{lee1996online,
  title={Online, interactive learning of gestures for human/robot interfaces},
  author={Lee, Christopher and Xu, Yangsheng},
  booktitle={Robotics and Automation, 1996. Proceedings., 1996 IEEE International Conference on},
  volume={4},
  pages={2982--2987},
  year={1996},
  organization={IEEE}
}

