@article{FerrezErrores,
	author = {Ferrez, PW and Mill\'{a}n, JdR},
	journal = {IEEE Trans Biomed Eng},
	title = {{Error-related EEG potentials generated during simulated Brain-Computer interaction}},
	year = {2008}
}

@article{millan10,
  title={Combining brain--computer interfaces and assistive technologies: state-of-the-art and challenges},
  author={Mill{\'a}n, JdR and others},
  journal={Front Neurosci},
  year={2010},
  publisher={Frontiers Research Foundation}
}

@inproceedings{Blumberg2007,
author = {Blumberg, J and Rickert, J and Waldert, S and Schulze-Bonhage, A and Aertsen, A and Mehring, C},
booktitle = {EMBC},
title = {{Adaptive classification for brain computer interfaces}},
year = {2007}
}

@article{IturrateErrP13,
  author={I Iturrate and L Montesano and J Minguez},
  title={Task-dependent signal variations in EEG error-related potentials for brain-computer interfaces},
  journal={Journal of Neural Engineering},
  volume={10},
  number={2},
  pages={026024},
  url={http://stacks.iop.org/1741-2552/10/i=2/a=026024},
  year={2013},
}

@article{Orsborn2012,
  title={{Closed--loop decoder adaptation on intermediate time-scales facilitates rapid BMI performance improvements independent of decoder initialization conditions}},
  author={Orsborn, Amy L and al.},
  journal={IEEE Transactions on Neural Systems and Rehabilitation Engineering},
  year={2012}
}

@article{Kindermans2012a,
author = {Kindermans, Pieter-Jan and Verstraeten, David and Schrauwen, Benjamin},
journal = {PloS one},
title = {{A bayesian model for exploiting application constraints to enable unsupervised training of a P300-based BCI.}},
year = {2012}
}

@article{grizou2013,
  title={Robot Learning Simultaneously a Task and How to Interpret Human Instructions},
  author={Grizou, Jonathan and Lopes, Manuel and Oudeyer, Pierre-Yves},
  journal={Proceedings of ICDL-Epirob},
  year={2013}
}

@ARTICLE{vidaurre11,
	author={Vidaurre, C and Kawanabe, M and von B\"{u}nau, P and Blankertz, B and M\"{u}ller, KR},
	journal={IEEE Trans Biomed Eng},
	title={{Toward unsupervised adaptation of LDA for brain-computer interfaces}}, 
	year={2011}, 

}

@article{Polich1997,
author = {Polich, J},
journal = {International Journal of Psychophysiology},
title = {{On the relationship between EEG and P300 : individual differences, aging, and ultradian rhythms}},
year = {1997}
}

@inproceedings{iturrate2010robot,
  title={Robot Reinforcement Learning using EEG-based reward signals},
  author={Iturrate, I{\~n}aki and Montesano, Luis and Minguez, Javier},
  booktitle={Robotics and Automation (ICRA), 2010 IEEE International Conference on},
  pages={4822--4829},
  year={2010},
  organization={IEEE}
}


@INPROCEEDINGS{macl11simul,
  author = {Lopes, M. and Cederborg, T. and Oudeyer, P.-Y.},
  title = {Simultaneous acquisition of task and feedback models},
  booktitle = {IEEE - International Conference on Development and Learning (ICDL'11)},
  year = {2011},
}


@article{chavarriaga2010learning,
  title={{Learning from EEG error-related potentials in noninvasive brain-computer interfaces}},
  author={R Chavarriaga and JdR Mill\'{a}n},
  journal={IEEE Trans Neural Syst Rehabil Eng},
  year={2010},
  publisher={IEEE}
} 

@ARTICLE{Argall09lfdsurvey,
  author = {Brenna Argall and Sonia Chernova and Manuela Veloso},
  title = {A Survey of Robot Learning from Demonstration},
  journal = {Robotics and Autonomous Systems},
  year = {2009}
}

@ONLINE{baxter,
author = {E. Guizzo and E. Ackerman},
title = {How Rethink Robotics Built Its New Baxter Robot Worker},
month = October,
year = {2012},
url = {http://spectrum.ieee.org/robotics/industrial-robots/rethink-robotics-baxter-robot-factory-worker}
}

@article{gates2007robot,
  title={A robot in every home},
  author={Gates, Bill},
  journal={Scientific American},
  year={2007}
}

@article{sellers2010brain,
  title={A brain-computer interface for long-term independent home use},
  author={Sellers, Eric W and Vaughan, Theresa M and Wolpaw, Jonathan R},
  journal={Amyotrophic lateral sclerosis},
  volume={11},
  number={5},
  pages={449--455},
  year={2010},
  publisher={Informa Healthcare Stockholm}
}

@article{lebedev2006brain,
  title={Brain--machine interfaces: past, present and future},
  author={Lebedev, Mikhail A and Nicolelis, Miguel AL},
  journal={TRENDS in Neurosciences},
  volume={29},
  number={9},
  pages={536--546},
  year={2006},
  publisher={Elsevier}
}

@inproceedings{Kindermans2012b,
author = {Kindermans, PJ and Verschore, Hannes},
booktitle = {NIPS},
pages = {1--9},
title = {{A P300 BCI for the Masses: Prior Information Enables Instant Unsupervised Spelling}},
url = {http://books.nips.cc/papers/files/nips25/NIPS2012\_0332.pdf},
year = {2012}
}


@article{blankertz2010single,
  title={{Single-trial analysis and classification of ERP components: A tutorial}},
  author={Blankertz, B. and Lemm, S. and Treder, M. and Haufe, S. and M\"{u}ller, KR.},
  journal={Neuroimage},
  issn={1053-8119},
  year={2010},
  publisher={Elsevier}
}

@inproceedings{Iturrate13ErrPControl,
  title={Shared-control brain-computer interface for a two dimensional reaching task using EEG error-related potentials},
  author={Iturrate, I. and Montesano, L. and Minguez, J.},
  booktitle={Int. Conf. of the IEEE Engineering in Medicine and Biology Society (EMBC)},
  year={2013},
  organization={IEEE}
}

@book{sutton1998reinforcement,
  title={Reinforcement learning: An introduction},
  author={Sutton, R.S. and Barto, A.G.},
  volume={28},
  year={1998},
  publisher={Cambridge Univ Press}
}


@article{zheng2001comparison,
  title={Comparison of different implementations of MFCC},
  author={Zheng, F. and Zhang, G. and Song, Z.},
  journal={Journal of Computer Science and Technology},
  volume={16},
  number={6},
  pages={582--589},
  year={2001},
  publisher={Springer}
}

@article{sakoe1978dynamic,
  title={Dynamic programming algorithm optimization for spoken word recognition},
  author={Sakoe, H. and Chiba, S.},
  journal={Acoustics, Speech and Signal Processing, IEEE Transactions on},
  volume={26},
  number={1},
  pages={43--49},
  year={1978},
  publisher={IEEE}
}

@INPROCEEDINGS{Cakmak2010,
  author = {M. Cakmak and A.L. Thomaz},
  title = {Optimality of Human Teachers for Robot Learners},
  booktitle = {Proceedings of the International Conference on Development and Learning
	(ICDL)},
  year = {2010},
  owner = {mlopes},
  timestamp = {2011.03.16}
}

@ARTICLE{Thomaz2008,
  author = {Andrea L. Thomaz and Cynthia Breazeal},
  title = {Teachable robots: Understanding human teaching behavior to build
	more effective robot learners},
  journal = {Artificial Intelligence Journal},
  year = {2008},
  volume = {172},
  pages = {716-737},
  owner = {mlopes},
  timestamp = {2010.11.10}
}

@inproceedings{iturrate2010Katana,
  title={{Single trial recognition of error-related potentials during observation of robot operation}},
  author={Iturrate I AND Montesano L AND Minguez J},
  booktitle = {EMBC},
  year = 2010,  
}